@Article{Bailyn1998,
  author =       {Charles D. Bailyn and Raj K. Jain and Paolo Coppi
                  and Jerome A. Orosz},
  title =        {The Mass Distribution of Stellar Mass Black Holes},
  journal =      {\apj},
  year =         1998,
  volume =    499,
  pages =     {367--374}}

@Article{Cantrell2010,
  author =       {Andrew G Cantrell and Charles D Bailyn and Jerome A
                  Orosz and Jeffrey E McClintock and Ronald A
                  Remillard and Cynthia S Froning and Joseph Neilsen
                  and Dawn M Gelino and Lijun Gou},
  title =        {The Inclination of the Soft X-ray Transient A0620-00
                  and the Mass of its Black Hole},
  journal =      {\apj},
  year =         2010,
  volume =    710,
  pages =     1127,
  eprint = {arXiv:1001.0261}
}

@Article{Casares2009,
  author =       {J Casares and J. A Orosz and C Zurita and T Shahbaz
                  and J. M Corral-Santana and J. E McClintock and M. R
                  Garcia and I. G Mart{\'\i}nez-Pais and P. A Charles
                  and R. P Fender and R. A Remillard},
  title =        {Refined Orbital Solution and Quiescent Variability
                  in the Black Hole Transient GS 1354-64 (= BW Cir)},
  journal =      {\apjs},
  year =         2009,
  volume =    181,
  pages =     238}

@InBook{Charles2006,
   author = {{Charles}, P.~A. and {Coe}, M.~J.},
  chapter = {Optical, ultraviolet and infrared observations of X-ray binaries},
 keywords = {X-Ray Binaries, Optical Observations, UV Observations, Infrared Observations},
    title = {Compact stellar X-ray sources},
     year = 2006,
    month = {April},
    pages = {215--265},
   adsurl = {http://adsabs.harvard.edu/abs/2006csxs.book..215C},
  adsnote = {Provided by the SAO/NASA Astrophysics Data System},
  publisher = {Cambridge University Press}
}

@Article{Crowther2010,
  author =       {P. A Crowther and R Barnard and S Carpano and J. S
                  Clark and V. S Dhillon and A. M. T Pollock},
  title =        {NGC 300 X-1 is a Wolf-Rayet/black hole binary},
  journal =      {\mnras},
  year =         2010,
  volume =    403,
  pages =     {L41},
  eprint =       {arXiv:1001.4616}
}

@Article{Filippenko1999,
  author =       {Alexei V Filippenko and Douglas C Leonard and Thomas
                  Matheson and Weidong Li and Edward C Moran and Adam
                  G Riess},
  title =        {A Black Hole in the X-Ray Nova Velorum 1993},
  journal =      {\pasp},
  year =         1999,
  volume =    111,
  pages =     969,
  eprint = {arXiv:astro-ph/9904271}
}

@Article{Fryer2001,
  author =       {Chris L. Fryer and Vassiliki Kalogera},
  title =        {Theoretical Black Hole Mass Distributions},
  journal =      {\apj},
  year =         2001,
  volume =    554,
  pages =     {548--560},
  eprint =       {arXiv:astro-ph/9911312}
}

@Article{Gelino2001,
  author =       {Dawn M Gelino and Thomas E Harrison and Bernard J
                  McNamara},
  title =        {Infrared Observations of Nova Muscae 1991: Black
                  Hole Mass Determination from Ellipsoidal Variations},
  journal =      {\aj},
  year =         2001,
  volume =    122,
  pages =     971,
  eprint = {arXiv:astro-ph/0105064}
}

@Article{Gelino2003,
  author =       {Dawn M Gelino and Thomas E Harrison},
  title =        {GRO J0422+32: The Lowest Mass Black Hole?},
  journal =      {\apj},
  year =         2003,
  volume =    599,
  pages =     1254,
  eprint = {arXiv:astro-ph/0308490}
}

@InProceedings{Gelino2008,
  author =       {Dawn M. Gelino and Solen Balman and Umit Kiziloglu
                  and Arda Yilmaz and Emrah Kalemci and John
                  A. Tomsick},
  title =        {The Inclination Angle and Mass of the Black Hole in XTE J1118+480},
  booktitle = {A Population Explosion: The Nature and Evolution of X-Ray Binaries in Diverse Environments},
  pages =     {82--84},
  year =      2008,
  volume =    1010,
  series =    {AIP Conference Proceedings}}

@Article{Gies2003,
  author =       {D. R Gies and C. T Bolton and J. R Thomson and W
                  Huang and M. V McSwain and R. L Riddle and Z Wang
                  and P. J Wiita and D. W Wingert and B Cs{\'a}k and
                  L. L Kiss},
  title =        {Wind Accretion and State Transitions in Cygnus X-1},
  journal =      {\apj},
  year =         2003,
  volume =    583,
  pages =     424,
  eprint = {arXiv:astro-ph/0206253}}

@Article{Green1995,
  author =       {Peter J. Green},
  title =        {Reversible Jump Markov Chain Monte Carlo Computation
                  and Bayesian Model Determination},
  journal =      {Biometrika},
  year =         1995,
  volume =    82,
  number =    4,
  pages =     {711--732}}

@Article{Greene2001,
  author =       {Jenny Greene and Charles D Bailyn and Jerome A
                  Orosz},
  title =        {Optical and Infrared Photometry of the Microquasar
                  GRO J1655-40 in Quiescence},
  journal =      {\apj},
  year =         2001,
  volume =    554,
  pages =     1290,
  eprint = {arXiv:astro-ph/0101337}
}

@Article{Greiner2001,
  author =       {J. Greiner and J. G. Cuby and M. J. McCaughrean},
  title =        {An unusually massive stellar black hole in the Galaxy},
  journal =      {\nat},
  year =         2001,
  volume =    414,
  number =    6863,
  pages =     {522--525},
  eprint =    {arXiv:astro-ph/0111538}}

@INPROCEEDINGS{Harlaftis2005,
   author = {{Harlaftis}, E. and {Filippenko}, A.},
    title = "{X-ray binaries as indicators of SN explosions}",
booktitle = {The Fate of the Most Massive Stars},
     year = 2005,
   series = {Astronomical Society of the Pacific Conference Series},
   volume = 332,
   editor = "{R.~Humphreys and K.~Stanek}",
    month = sep,
    pages = 416,
   adsurl = {http://adsabs.harvard.edu/abs/2005ASPC..332..416H},
  adsnote = {Provided by the SAO/NASA Astrophysics Data System}
}

@Article{Khargharia2010,
  author =       {Juthika Khargharia and Cynthia S Froning and Edward
                  L Robinson},
  title =        {Near-Infrared Spectroscopy of Low Mass X-ray
                  Binaries : Accretion Disk Contamination and Compact
                  Object Mass Determination in V404 Cyg and Cen X-4},
  journal =      { },
  year =         2010,
  eprint =       {arXiv:1004.5358}
}

@Article{Lewis2002,
  author =       {Antony Lewis and Sarah Bridle},
  title =        {Cosmological parameters from CMB and other data: a
                  Monte-Carlo approach},
  journal =      {\prd},
  year =         2002,
  volume =    66,
  pages =     103511,
  eprint =       {arXiv:astro-ph/0205436}
}

@Article{Linder2008,
  author =       {Eric V. Linder and Ramon Miquel},
  title =        {Cosmological Model Selection: Statistics and Physics},
  journal =      {International Journal of Modern Physics D},
  year =         2008,
  volume =    17,
  number =    12,
  pages =     {2315--2324},
  eprint =       {arXiv:astro-ph/0702542}
}

@Article{Littenberg2009,
  author =       {Tyson B. Littenberg and Neil J. Cornish},
  title =        {A Bayesian Approach to the Detection Problem in
                  Gravitational Wave Astronomy},
  journal =      {\prd},
  year =         2009,
  volume =    80,
  pages =     063007,
  eprint =       {arXiv:0902.0368}
}

@Article{Mandel2010,
  author =       {Ilya Mandel},
  title =        {Parameter estimation on gravitational waves from multiple coalescing binaries},
  journal =      {\prd},
  year =         2010,
  volume =    81,
  pages =     084029,
  eprint =       {arXiv:0912.5531}
}

@Article{Neilsen2008,
  author =       {J Neilsen and D Steeghs and S. D Vrtilek},
  title =        {The eccentric accretion disc of the black hole A0620-00},
  journal =      {\mnras},
  year =         2008,
  volume =    384,
  pages =     849,
  eprint = {arXiv:0710.3202}
}

@InProceedings{Orosz2003,
  author =       {Jerome A Orosz},
  title =        {Inventory of black hole binaries},
  booktitle = {A Massive Star Odyssey, from Main Sequence to Supernova},
  pages =     365,
  year =      2003,
  editor =    {K. A. van der Hucht and A. Herrero and C. Esteban},
  volume =    212,
  series =    {IAU Symposium},
  eprint = {arXiv:astro-ph/0209041}
}

@Article{Orosz2004,
  author =       {Jerome A Orosz and Jeffrey E McClintock and Ronald A
                  Remillard and St{\'e}phane Corbel},
  title =        {Orbital Parameters for the Black Hole Binary XTE J1650-500},
  journal =      {\apj},
  year =         2004,
  volume =    616,
  pages =     376,
  eprint = {arXiv:astro-ph/0404343}
}

@Article{Orosz2007,
  author =       {Jerome A Orosz and Jeffrey E McClintock and Ramesh
                  Narayan and Charles D Bailyn and Joel D Hartman and
                  Lucas Mracri and Jiefeng Liu and Wolfgang Pietsch
                  and Ronald A Remillard and Avi Shporer and Tsevi
                  Mazeh},
  title =        {A 15.65 solar mass black hole in an eclipsing binary
                  in the nearby spiral galaxy Messier 33},
  journal =      {\nat},
  year =         2007,
  volume =    449,
  pages =     {872--875},
  eprint = {arXiv:0710.3165}
}

@Article{Orosz2009,
  author =       {Jerome A Orosz and Danny Steeghs and Jeffrey E
                  McClintock and Manuel A. P Torres and Ivan Bochkov
                  and Lijun Gou and Ramesh Narayan and Michael
                  Blaschak and Alan M Levine and Ronald A Remillard
                  and Charles D Bailyn and Morgan M Dwyer and Michelle
                  Buxton},
  title =        {A New Dynamical Model for the Black Hole Binary LMC
                  X-1},
  journal =      {\apj},
  year =         2009,
  volume =    697,
  pages =     573,
  eprint =       {arXiv:0810.3447}
}

@Article{Orosz2010,
  author =       {J. A. Orosz and J. F. Steiner and J. E. McClintock
                  and M. A. P. Torres and R. A. Remillard and
                  C. D. Bailyn},
  title =        {XXX},
  journal =      {\apj},
  year =         2010,
  volume =    {Submitted}}

@Article{Prestwich2007,
  author =       {A. H Prestwich and R Kilgard and P. A Crowther and S
                  Carpano and A. M. T Pollock and A Zezas and S. H
                  Saar and T. P Roberts and M. J Ward},
  title =        {The Orbital Period of the Wolf-Rayet Binary IC 10
                  X-1: Dynamic Evidence that the Compact Object Is a
                  Black Hole},
  journal =      {\apj},
  year =         2007,
  volume =    669,
  pages =     {L21},
  eprint =       {arXiv:0709.2892}
}

@Article{Silverman2008,
  author =       {Jeffrey M Silverman and Alexei V Filippenko},
  title =        {On IC 10 X-1, the Most Massive Known Stellar-Mass
                  Black Hole},
  journal =      {\apj},
  year =         2008,
  volume =    678,
  pages =     {L17},
  eprint =       {arXiv:0802.2716}
}

@Article{Weinberg2010,
  author =       {Martin D. Weinberg},
  title =        {Computing the Bayesian Evidence from a Markov Chain
                  Monte Carlo Simulation of the Posterior
                  Distribution},
  journal =      {submitted to Bayesian Analysis},
  year =         2010,
  eprint =       {arXiv:0911.1777}
}

